@article{Yallup:2022rjd,
    author = "Yallup, David and Handley, Will",
    title = "{Hunting for bumps in the margins}",
    eprint = "2211.10391",
    archivePrefix = "arXiv",
    primaryClass = "physics.data-an",
    month = "11",
    year = "2022"
}


@article{Yallup:2022yzz,
    author = {Yallup, David and Handley, Will and Hobson, Mike and Lasenby, Anthony and Lemos, Pablo},
    title = "{Split personalities in Bayesian Neural Networks: the case for full marginalisation}",
    eprint = "2205.11151",
    archivePrefix = "arXiv",
    primaryClass = "stat-ML",
    month = "5",
    year = "2022"
}


@article{Yallup:2022yxe,
	author = {{Yallup, David} and {Jan\ss{}en, Timo} and {Schumann, Steffen} and {Handley, Will}},
	title = {Exploring phase space with nested sampling},
	DOI= "10.1140/epjc/s10052-022-10632-2",
	url= "https://doi.org/10.1140/epjc/s10052-022-10632-2",
	journal = {Eur. Phys. J. C},
	year = 2022,
	volume = 82,
	number = 8,
	pages = "678",
}


@inproceedings{Lemos:2022kua,
    author = "Lemos, Pablo and Cranmer, Miles and Abidi, Muntazir and Hahn, ChangHoon and Eickenberg, Michael and Massara, Elena and Yallup, David and Ho, Shirley",
    title = "{Robust Simulation-Based Inference in Cosmology with Bayesian Neural Networks}",
    booktitle = "{39th International Conference on Machine Learning Conference}",
    eprint = "2207.08435",
    archivePrefix = "arXiv",
    primaryClass = "astro-ph.CO",
    month = "7",
    year = "2022"
}

@article{Buckley:2021neu,
    author = "Buckley, A. and others",
    title = "{Testing new physics models with global comparisons to collider measurements: the Contur toolkit}",
    eprint = "2102.04377",
    archivePrefix = "arXiv",
    primaryClass = "hep-ph",
    reportNumber = "MCnet-21",
    doi = "10.21468/SciPostPhysCore.4.2.013",
    journal = "SciPost Phys. Core",
    volume = "4",
    pages = "013",
    year = "2021"
}


misc{dsg,
  author       = {Data Study Group team},
  title        = {Data Study Group Final Report: Odin Vision},
  month        = nov,
  year         = 2021,
  publisher    = {Zenodo},
  doi          = {10.5281/zenodo.5729340},
  url          = {https://doi.org/10.5281/zenodo.5729340}
}

@article{Amrith:2018yfb,
    author = "Amrith, S. and Butterworth, J.M. and Deppisch, F.F. and Liu, W. and Yallup, D.",
    title = "{LHC Constraints on a $B-L$ Gauge Model using Contur}",
    eprint = "1811.11452",
    archivePrefix = "arXiv",
    primaryClass = "hep-ph",
    reportNumber = "MCnet-18-30",
    doi = "10.1007/JHEP05(2019)154",
    journal = "JHEP",
    volume = "05",
    pages = "154",
    year = "2019"
}

@article{Butterworth:2016sqg,
    author = "Butterworth, Jonathan M. and Grellscheid, David and Krämer, Michael and Sarrazin, Björn and Yallup, David",
    title = "{Constraining new physics with collider measurements of Standard Model signatures}",
    eprint = "1606.05296",
    archivePrefix = "arXiv",
    primaryClass = "hep-ph",
    reportNumber = "IPPP-16-52, MCNET-16-21, TTK-16-22",
    doi = "10.1007/JHEP03(2017)078",
    journal = "JHEP",
    volume = "03",
    pages = "078",
    year = "2017"
}



inproceedings{Brooijmans:2018xbu,
    author = "Brooijmans, G. and others",
    title = "{Les Houches 2017: Physics at TeV Colliders New Physics Working Group Report}",
    booktitle = "{10th Les Houches Workshop on Physics at TeV Colliders}",
    eprint = "1803.10379",
    archivePrefix = "arXiv",
    primaryClass = "hep-ph",
    reportNumber = "FERMILAB-CONF-17-664-PPD",
    month = "3",
    year = "2018"
}

inproceedings{Brooijmans:2020yij,
    author = "Brooijmans, G. and others",
    title = "{Les Houches 2019 Physics at TeV Colliders: New Physics Working Group Report}",
    booktitle = "{11th Les Houches Workshop on Physics at TeV Colliders}: {PhysTeV Les Houches}",
    eprint = "2002.12220",
    archivePrefix = "arXiv",
    primaryClass = "hep-ph",
    month = "2",
    year = "2020"
}

article{Aaboud:2017buf,
    author = "Aaboud, Morad and others",
    collaboration = "ATLAS collaboration",
    title = "{Measurement of detector-corrected observables sensitive to the anomalous production of events with jets and large missing transverse momentum in $pp$ collisions at $\mathbf {\sqrt{s}=13}$  TeV using the ATLAS detector}",
    eprint = "1707.03263",
    archivePrefix = "arXiv",
    primaryClass = "hep-ex",
    reportNumber = "CERN-EP-2017-116",
    doi = "10.1140/epjc/s10052-017-5315-6",
    journal = "Eur. Phys. J. C",
    volume = "77",
    number = "11",
    pages = "765",
    year = "2017"
}

inproceedings{1800641,
    author = "Yallup, D.",
    title = "{BSM Constraints from Standard Model measurements with Contur}",
    booktitle = "{54th Rencontres de Moriond on Electroweak Interactions and Unified Theories}",
    pages = "357--360",
    year = "2019"
}
